@Book{panek2013,
  author={Panek, Tomasz and Zwierzchowski, Jan Karol},
  title={Statystyczne metody wielowymiarowej analizy porównawczej: teoria i zastosowania},
  publisher={Oficyna Wydawnicza, Szkoła Główna Handlowa},
  year={2013},
  address={Warszawa}
}


@Book{rutkowski2005metody,
  title={Metody i techniki sztucznej inteligencji: inteligencja obliczeniowa},
  author={Rutkowski, Leszek},
  year={2005},
  publisher={Wydawnictwo Naukowe PWN}
}

@Book{grabinski1982,
  author={Grabiński, Tadeusz and Wydmus, Stanisław and Zelias, Aleksander},
  title={Metody doboru zmiennych w modelach ekonometrycznych},
  publisher={Państwowe Wydawnictwo Naukowe},
  year={1982},
  address={Warszawa}
}
@Book{mlodak2006,
author = {Młodak, Andrzej},
title = {ANALIZA TAKSONOMICZNA W STATYSTYCE REGIONALNEJ},
publisher = {Centrum Doradztwa i Informacji Difin},  
year = {2006},
address = {Warszawa}   
}

@Book{gren1,
author = {Greń, Jerzy},
title = {STATYSTYKA MATEMATYCZNA MODELE I ZADANIA},
publisher = {Państwowe Wydawnictwo Naukowe},
year = {1984},
address = {Warszawa}
}

@Book{bartoszewicz1996,
author = {Bartoszewicz, Jarosław},
title = {Wykłady ze statystyki matematycznej},
publisher = {Państwowe Wydawnictwo Naukowe},
year ={1996},
address = {Warszawa}
}

@Book{krysicki1999,
  author={Krysicki, W. and Bartos, J. and Dyczka, W. and Królikowska, K. and Wasilewski, M.},
  title={RACHUNEK PRAWDOPODOBIEŃSTWA I STATYSTYKA MATEMATYCZNA W ZADANIACH: CZĘŚĆ I. Rachunek prawdopodobieństwa},
  publisher={Państwowe Wydawnictwo Naukowe},
  year={1999},
  address={Warszawa}
}

@Book{rudnicki2006,
  author={Rudnicki, Ryszard},
  title={WYKŁADY Z ANALIZY MATEMATYCZNEJ},
  publisher={Państwowe Wydawnictwo Naukowe},
  year={2006},
  address={Warszawa}
}

@Book{kuratowski2004,
  author={Kuratowski, Kazimierz},
  title={WSTĘP DO TEORII MNOGOŚCI I TOPOLOGII},
  publisher={Państwowe Wydawnictwo Naukowe},
  year={2004},
  address={Warszawa}
}

@Book{blaszczyk2007,
  author={Błaszczyk, Aleksander and Turek, Sławomir},
  title={TEORIA MNOGOŚCI},
  publisher={Państwowe Wydawnictwo Naukowe},
  year={2007},
  address={Warszawa}
}